@book{adams1995hitchhiker,
  title={The Hitchhiker's Guide to the Galaxy},
  author={Adams, D.},
  isbn={9781417642595},
  url={http://books.google.com/books?id=W-xMPgAACAAJ},
  year={1995},
  publisher={San Val}
}

@misc{ar-js,
  title="{AR-JS Homepage\   \url{https://github.com/AR-js-org/AR.js}}",
  note="{Accedido por última vez  Marzo 2020.}"
}


% -------------Programación por bloques

@article{Resnick2009ProgrammingForAll,
author = {Resnick, Mitchel and Maloney, John and Monroy-Hern\'{a}ndez, Andr\'{e}s and Rusk, Natalie and Eastmond, Evelyn and Brennan, Karen and Millner, Amon and Rosenbaum, Eric and Silver, Jay and Silverman, Brian and Kafai, Yasmin},
title = {Scratch: Programming for All},
year = {2009},
issue_date = {November 2009},
publisher = {Association for Computing Machinery},
address = {New York, NY, USA},
volume = {52},
number = {11},
issn = {0001-0782},
url = {https://doi.org/10.1145/1592761.1592779},
doi = {10.1145/1592761.1592779},
journal = {Communications of the ACM},
month = nov,
pages = {60–67},
numpages = {8}
}


@article{weintrop2019block,
  title={Block-based programming in computer science education},
  author={Weintrop, David},
  journal={Communications of the ACM},
  volume={62},
  number={8},
  pages={22--25},
  year={2019},
  publisher={ACM New York, NY, USA}
}
 
% ------------- Antecedentes Hornero
@article{fracchia2016competir+,
  title={Competir+ motivar+ hornero= aprender programaci{\'o}n},
  author={Fracchia, Claudia Carina and Kogan, Pablo and Amaro, Silvia},
  journal={Revista Iberoamericana de Tecnolog{\'\i}a en Educaci{\'o}n y Educaci{\'o}n en Tecnolog{\'\i}a},
  number={18},
  pages={19--29},
  year={2016}
}
@inproceedings{fracchia2014realizacion,
  title={Realizaci{\'o}n de Torneos de programaci{\'o}n como estrategia para la ense{\~n}anza y el aprendizaje de programaci{\'o}n},
  author={Fracchia, Claudia Carina and Kogan, Pablo and Alonso de Armi{\~n}o, Ana C and Godoy, Ingrid and L{\'o}pez, Lidia Marina},
  booktitle={XX Congreso Argentino de Ciencias de la Computaci{\'o}n (Buenos Aires, 2014)},
  year={2014}
}
@inproceedings{koganwicc2017,
  title={Agente Hornero. Ampliando las Posibilidades de Aprender a Programar},
  author={Kogan, Pablo and Rodriguez, Jorge and Amigone, Federico},
  booktitle={XIX Workshop de Investigadores en Ciencias de la Computación (WICC 2017, ITBA, Buenos Aires)},
  year={2017}
}
@book{PETP,
      author = "I. Godoy and P. Kogan",
    title = "{Desafíos para Escuela Media: Resolución de Problemas y Programación}",
    organization = "Facultad de Informática",
        year = "2019, avalado por Resolución CD FaI 132/18"} 
        
@book{spurlock2013bootstrap,
  title={Bootstrap: Responsive Web Development},
  author={Spurlock, Jake},
  year={2013},
  publisher={" O'Reilly Media, Inc."}
}

@book{bailey2015primefaces,
  title={Primefaces Theme Development},
  author={Bailey, Andy and Jonna, Sudheer},
  year={2015},
  publisher={Packt Publishing Ltd}
}
@book{cadenhead2015socket,
  title={Socket. IO Cookbook},
  author={Cadenhead, Tyson},
  year={2015},
  publisher={Packt Publishing Ltd}
}